@book{livro,
 author = {Cook, William J.; Cunningham, William H.; Pulleybank, William R.; Schrijver, Alexander},
 title = {Combinatorial Optimization},
 year = {1997},
 howpublished={http://www.math.uwaterloo.ca/~bico/papers/cobook_select.pdf}
} 
