@article{survey,
    author={Christen, P.},
    title={A survey of indexing techiniques for scalable record linkage and deduplication},
    journal={IEEE TRANSACTIONS ON KNOWLEDGE AND DATA ENGINEERING},
    volume={24},
    pages={1537--1555},
    year={2012}
}
@article{fellegi69,
    author={Fellegi, I.; Sunter, A.},
    title={A theory for record linkage},
    journal={Journal of The American Statistical Association},
    volume={64},
    pages={1183-1210},
    year={1969}
}
@article{geneticrl,
    author={Carvalho, M. et al},
    title={A Genetic Programming Approach to Record Deduplication},
    journal={IEEE TRANSACTIONS ON KNOWLEDGE AND DATA ENGINEERING},
    volume={24},
    pages={399-412},
    year={2012}
}
@misc{hospital,
    author={Johnson, C.},
    title={Health Information Exchange: Architecture Types},
    howpublished={http://www.corepointhealth.com/geni/health-information-exchange-architecture-types},
    year=2012
}
@InProceedings{grammatical-evolution,
  author =       "Ryan, C. et al",
  title =        "Grammatical Evolution: Evolving Programs for an Arbitrary Language",
  journal =      "Proceedings of the First European Workshop on Genetic Programming",
  year =         "1998",
  editor =       "Wolfgang Banzhaf and Riccardo Poli and Marc Schoenauer and Terence C. Fogarty",
  volume =       "1391",
  series =       "LNCS",
  pages =        "83--96",
  address =      "Paris",
}
