@article{agrawal,
 author = {Agrawal, Rakesh and Imieli\'{n}ski, Tomasz and Swami, Arun},
 title = {Mining Association Rules Between Sets of Items in Large Databases},
 journal = {SIGMOD Rec.},
 issue_date = {June 1, 1993},
 volume = {22},
 number = {2},
 month = jun,
 year = {1993},
 issn = {0163-5808},
 pages = {207--216},
 numpages = {10},
 url = {http://doi.acm.org/10.1145/170036.170072},
 doi = {10.1145/170036.170072},
 acmid = {170072},
 publisher = {ACM},
 address = {New York, NY, USA},
} 
