@article{bat,
    author={Xin-She Yang},
    title={A New Metaheuristic Bat-Inspired Algorithm},
    journal={Studies in Computational Intelligence},
    pages={65-74},
    year={2010}
}
