@article{survey,
    author={Christen, P.},
    title={A survey of indexing techiniques for scalable record linkage and deduplication},
    journal={IEEE TRANSACTIONS ON KNOWLEDGE AND DATA ENGINEERING},
    volume={24},
    pages={1537--1555},
    year={2012}
}
@article{fellegi69,
    author={Fellegi, I.; Sunter, A.},
    title={A theory for record linkage},
    journal={Journal of The American Statistical Association},
    volume={64},
    pages={1183-1210},
    year={1969}
}
@article{geneticrl,
    author={Carvalho, M. et al},
    title={A Genetic Programming Approach to Record Deduplication},
    journal={IEEE TRANSACTIONS ON KNOWLEDGE AND DATA ENGINEERING},
    volume={24},
    pages={399-412},
    year={2012}
}
@misc{hospital,
    author={Johnson, C.},
    title={Health Information Exchange: Architecture Types},
    howpublished={http://www.corepointhealth.com/geni/health-information-exchange-architecture-types},
    year=2012
}
@InProceedings{grammatical-evolution,
  author =       "Ryan, C. et al",
  title =        "Grammatical Evolution: Evolving Programs for an Arbitrary Language",
  journal =      "Proceedings of the First European Workshop on Genetic Programming",
  year =         "1998",
  editor =       "Wolfgang Banzhaf and Riccardo Poli and Marc Schoenauer and Terence C. Fogarty",
  volume =       "1391",
  series =       "LNCS",
  pages =        "83--96",
  address =      "Paris",
}
@book{jaro,
    author={Jaro, M.A.},
    title={UNIMATCH, a record linkage system : users manual},
    editor={Washington: The Bureau},
    year={1978}
}

@article{jaro-winkler,
    author={Winkler, W. E},
    title={String Comparator Metrics and Enhanced Decision Rules in the Fellegi-Sunter Model of Record Linkage},
    journal={Proceedings of the Section on Survey Research Methods},
    pages={354â€“359},
    year={1990}
}

@incollection{shirakawa,
  author      = "Shirakawa, S. et. al.",
  title       = "Automatic Construction of Programs Using Dynamic Ant Programming",
  editor      = "Avi Ostfeld",
  booktitle   = "Ant Colony Optimization - Methods and Applications",
  publisher   = "InTech",
  year        = 2011,
  pages       = "75-89",
  chapter     = 6,
}

@article{isele,
    author={Isele, R.; Bizer, C.},
    title={Learning Expressive Linkage Rules using Genetic Programming},
    journal={Proceedings of the VLDB Endowment},
    volume={5},
    pages={1638-1649},
    year={2012}
}

@article{dorigo,
    author={Dorigo, M. et al},
    title={Ant Colony Optimization: A New Meta-Heuristic},
    journal={Evolutionary Computation},
    volume={2},
    year={1999}
}
@article{koza,
    author={Koza, J.R.},
    title={Genetic Programming II: Automatic Discovery of Reusable Programs},
    journal={MIT Press},
    year={1994}
}
