@misc{bigtable,
    author={Google, Inc.},
    title={What is Cloud Bigtable?},
    howpublished={https://cloud.google.com/bigtable/docs/},
    year=2015
}
@misc{cloudsql,
    author={Google, Inc.},
    title={Cloud SQL},
    howpublished={https://cloud.google.com/sql/},
    year=2015
}
@misc{taskqueue,
    author={Google, Inc.},
    title={Task Queue Python API Overview},
    howpublished={https://cloud.google.com/appengine/docs/python/taskqueue/},
    year=2015
}
@misc{dos,
    author={Google, Inc.},
    title={DoS Protection Service for Python},
    howpublished={https://cloud.google.com/appengine/docs/python/config/dos},
    year=2015
}
@misc{timeout,
    author={Jo√£o Martins},
    title={Dealing with DeadlineExceededErrors},
    howpublished={https://cloud.google.com/appengine/articles/deadlineexceedederrors},
    year=2012
}
@misc{autoscaling,
    author={Google, Inc.},
    title={Autoscaling Groups of Instances},
    howpublished={https://cloud.google.com/compute/docs/autoscaler/},
    year=2015
}
@misc{whitepaper,
    author={Google, Inc.},
    title={Google Security Whitepaper},
    howpublished={https://cloud.google.com/security/whitepaper},
    year=2015
}
@misc{mail,
    author={Google, Inc.},
    title={Sending mail},
    howpublished={https://cloud.google.com/appengine/docs/python/mail/sendingmail},
    year=2015
}
@misc{sockets,
    author={Google, Inc.},
    title={Sockets Python API Overview},
    howpublished={https://cloud.google.com/appengine/docs/python/sockets/},
    year=2015
}
