@misc{pythonxy,
        author="Rayabut, P.",
        title="PythonXY - Scientific-oriented Python Distribution based on Qt and Eclipse",
        howpublished="http://www.pythonxy.com/",
        year="2010"
}

@book{wober,
        author="Karl W. WÃ¶ber",
        title="Domain Specific Search Engines",
        year="2006",
        publisher="CABI",
        address="Londres"
}

@article{ong,
        author = "{Toan C. Ong, Michael V. Mannino, Lisa M. Schilling, Michael G. Kahn}",
        title="{Improving record linkage performance in the presence of missing linkage data}",
        year="2014",
        journal="Journal of Biomedical Informatics",
        pages="43--54",
        volume="52"
}

@article{survey,
        author = "{Christen P.}",
        title="{A Survey of Indexing Techniques for Scalable Record Linkage and Deduplication}",
        year="2012",
        journal="IEEE TRANSACTIONS ON KNOWLEDGE AND DATA ENGINEERING",
        pages="1537--1555",
        volume="24"
}

@article{fellegi,
        author = "{Fellegi I., Sunter A.}",
        title="{A theory for record linkage}",
        year="1969",
        journal="Journal of the American Statistical Association",
        pages="1183--1210",
        volume="64"
}

@article{jaro,
        author = "{Winkler, W.}",
        title="{String Comparator Metrics and Enhanced Decision Rules in the Fellegi-Sunter Model of Record Linkage}",
        year="1990",
        journal="Proceedings of the Section on Survey Research Methods",
        pages="354--359"
}

